@manual{AKR:intern,
	author = {},
	title = {Beschreibung des Aufbaus, der Funktionskontrolle und der Betriebsprotokollierung der
	Reaktoranlage AKR-2},
	date = {},
	organization = {TU Dresden, Institut für Energietechnik},
	location = {Dresden},
	edition = {},
	address = {},
	year = {}
}
@article{osti_4620873,
	title = {REACTOR PHYSICS CONSTANTS},
	author = {},
	abstractNote = {This second edition is based on data available on March 15, 1961. Sections on constants necessary for the interpretation of experimental data and on digital computer programs for reactor design and reactor physics have been added. 1344 references. (D.C.W.)},
	doi = {10.2172/4620873},
	journal = {},
	number = {},
	volume = {},
	place = {United States},
	year = 1963,
	month = 7
} 
@article{PRuD,
title = {Praktikum Radiometrie und Dosimetrie},
author = {},
url = {https://www.tu-chemnitz.de/physik/FPRAK/F-Praktikum/Versuche_alt/vgeiger.pdf},
year = {Eingesehen am 06.06.2018 22:08 Uhr}
}

@article{He3_vacutec,
title = {He3-Neutron Detectors},
author = {},
url = {https://www.vacutec-gmbh.de/de/produkte/umwelt/zaehlrohre-gm-p-n/neutronen-zaehlrohre.html},
year = {Eingesehen am 08.06.2018 18:20 Uhr}
}